<?xml version="1.0" encoding="UTF-8"?>
<record xmlns="http://www.loc.gov/MARC21/slim">
   <leader>03760cas a2200817   4500</leader>
   <controlfield tag="001">380868</controlfield>
   <controlfield tag="008">840626d19741980abcar    b   s0uuu 0eng d</controlfield>
   <datafield tag="010" ind1=" " ind2=" ">
      <subfield code="a">cn 80030050</subfield>
   </datafield>
   <datafield tag="010" ind1=" " ind2=" ">
      <subfield code="a">cn 80030050 </subfield>
      <subfield code="z">cn 80030050</subfield>
   </datafield>
   <datafield tag="010" ind1=" " ind2=" ">
      <subfield code="a">cn 80030050</subfield>
   </datafield>
   <datafield tag="015" ind1=" " ind2=" ">
      <subfield code="a">C 800300505</subfield>
   </datafield>
   <datafield tag="022" ind1="0" ind2=" ">
      <subfield code="a">0225-1221</subfield>
   </datafield>
   <datafield tag="035" ind1=" " ind2=" ">
      <subfield code="a">ocm06017431</subfield>
   </datafield>
   <datafield tag="039" ind1=" " ind2=" ">
      <subfield code="f">rev</subfield>
   </datafield>
   <datafield tag="040" ind1=" " ind2=" ">
      <subfield code="a">CaOONL</subfield>
      <subfield code="b">eng</subfield>
      <subfield code="c">CaOONL</subfield>
   </datafield>
   <datafield tag="042" ind1=" " ind2=" ">
      <subfield code="a">nlc</subfield>
      <subfield code="a">isds/c</subfield>
   </datafield>
   <datafield tag="043" ind1=" " ind2=" ">
      <subfield code="a">n-cn-ab</subfield>
   </datafield>
   <datafield tag="049" ind1=" " ind2=" ">
      <subfield code="a">AEU</subfield>
      <subfield code="b">eng</subfield>
   </datafield>
   <datafield tag="055" ind1="0" ind2="2">
      <subfield code="a">Z1392*</subfield>
   </datafield>
   <datafield tag="082" ind1=" " ind2=" ">
      <subfield code="a">016.3042/3</subfield>
   </datafield>
   <datafield tag="090" ind1=" " ind2=" ">
      <subfield code="a">Z 1392 A4 M69</subfield>
      <subfield code="b">GPRC</subfield>
   </datafield>
   <datafield tag="090" ind1=" " ind2=" ">
      <subfield code="a">TN 850 Z9 B58</subfield>
      <subfield code="b">AEU</subfield>
   </datafield>
   <datafield tag="090" ind1=" " ind2=" ">
      <subfield code="a">TN 858 B1 M938</subfield>
      <subfield code="b">AEEN</subfield>
   </datafield>
   <datafield tag="090" ind1=" " ind2=" ">
      <subfield code="a">GOV DOC CA2 AL EO B56</subfield>
      <subfield code="b">AEU</subfield>
   </datafield>
   <datafield tag="210" ind1="0" ind2=" ">
      <subfield code="a">Bibliogr. Athabasca oil sands Fort McMurray Alta area, Socio-econ. environ. stud.</subfield>
   </datafield>
   <datafield tag="222" ind1="0" ind2="0">
      <subfield code="a">Bibliography of the Athabasca oil sands Fort McMurray, Alberta area.  Socio-economic and environmental studies</subfield>
   </datafield>
   <datafield tag="240" ind1="0" ind2="0">
      <subfield code="a">A Bibliography of the Athabasca oil sands, Fort McMurray, Alberta area;</subfield>
      <subfield code="b">socio-economic and environmental studies.</subfield>
   </datafield>
   <datafield tag="245" ind1="0" ind2="2">
      <subfield code="a">A Bibliography of the Athabasca oil sands, Fort McMurray, Alberta area;</subfield>
      <subfield code="b">socio-economic and environmental studies.</subfield>
   </datafield>
   <datafield tag="260" ind1=" " ind2=" ">
      <subfield code="a">Edmonton :</subfield>
      <subfield code="b">Alberta Environment, Library,</subfield>
      <subfield code="c">1974-1982.</subfield>
   </datafield>
   <datafield tag="300" ind1=" " ind2=" ">
      <subfield code="a">v. ;</subfield>
      <subfield code="c">28 cm.</subfield>
   </datafield>
   <datafield tag="310" ind1=" " ind2=" ">
      <subfield code="a">Annual.</subfield>
   </datafield>
   <datafield tag="362" ind1="0" ind2=" ">
      <subfield code="a">1st-5th ed.; 1974-1980.</subfield>
   </datafield>
   <datafield tag="500" ind1=" " ind2=" ">
      <subfield code="a">Each issue cumulates all previous issues.</subfield>
   </datafield>
   <datafield tag="500" ind1=" " ind2=" ">
      <subfield code="a">2nd-5th editions called: Cumulated update.</subfield>
   </datafield>
   <datafield tag="515" ind1=" " ind2=" ">
      <subfield code="a">None issued 1977-1978.</subfield>
   </datafield>
   <datafield tag="515" ind1=" " ind2=" ">
      <subfield code="a">The Cumulated Update for 1980 is incorrectly described on the title page as 6th edition but actually constitutes the 5th edition as described in the Introduction.</subfield>
   </datafield>
   <datafield tag="525" ind1=" " ind2=" ">
      <subfield code="a">Kept up to date between editions by supplements.</subfield>
   </datafield>
   <datafield tag="525" ind1=" " ind2=" ">
      <subfield code="a">In 1981 and 1982 only supplements to the 5th ed. 1980 Cumulated Updated were published.</subfield>
   </datafield>
   <datafield tag="550" ind1=" " ind2=" ">
      <subfield code="a">Issued 1974-1977 by Alberta Dept. of the Environment.</subfield>
   </datafield>
   <datafield tag="596" ind1=" " ind2=" ">
      <subfield code="a">4 28 38 48</subfield>
   </datafield>
   <datafield tag="597" ind1=" " ind2=" ">
      <subfield code="a">15:GOV DOC CA2 AL EO B56 6th ed.: suppl. 1994</subfield>
   </datafield>
   <datafield tag="650" ind1=" " ind2="0">
      <subfield code="a">Oil sands</subfield>
      <subfield code="x">Environmental aspects</subfield>
      <subfield code="z">Alberta</subfield>
      <subfield code="z">Fort McMurray region</subfield>
      <subfield code="v">Bibliography.</subfield>
   </datafield>
   <datafield tag="650" ind1=" " ind2="0">
      <subfield code="a">Oil sands</subfield>
      <subfield code="x">Economic aspects</subfield>
      <subfield code="z">Alberta</subfield>
      <subfield code="z">Fort McMurray region</subfield>
      <subfield code="v">Bibliography.</subfield>
   </datafield>
   <datafield tag="650" ind1=" " ind2="0">
      <subfield code="a">Oil sands</subfield>
      <subfield code="x">Social aspects</subfield>
      <subfield code="z">Alberta</subfield>
      <subfield code="z">Fort McMurray region</subfield>
      <subfield code="v">Bibliography.</subfield>
   </datafield>
   <datafield tag="690" ind1=" " ind2="4">
      <subfield code="a">Bibliographies</subfield>
      <subfield code="x">Energy.</subfield>
   </datafield>
   <datafield tag="710" ind1="1" ind2="0">
      <subfield code="a">Alberta.</subfield>
      <subfield code="b">Alberta Environment.</subfield>
      <subfield code="b">Library.</subfield>
   </datafield>
   <datafield tag="710" ind1="1" ind2="0">
      <subfield code="a">Alberta.</subfield>
      <subfield code="b">Dept. of the Environment.</subfield>
   </datafield>
   <datafield tag="999" ind1=" " ind2=" ">
      <subfield code="a">000041624297</subfield>
      <subfield code="v">6th ed.: suppl. 1994</subfield>
   </datafield>
   <datafield tag="926" ind1=" " ind2=" ">
      <subfield code="a">GPRC</subfield>
      <subfield code="b">ON_SHELF</subfield>
      <subfield code="c">Z 1392 A4 M69 1979</subfield>
      <subfield code="d">BOOK</subfield>
      <subfield code="f">1</subfield>
   </datafield>
   <datafield tag="926" ind1=" " ind2=" ">
      <subfield code="a">UABARD</subfield>
      <subfield code="b">ON_SHELF</subfield>
      <subfield code="c">TN 850 Z9 B58 2nd ed. 1975</subfield>
      <subfield code="d">BOOK</subfield>
      <subfield code="f">1</subfield>
   </datafield>
   <datafield tag="926" ind1=" " ind2=" ">
      <subfield code="a">UABARD</subfield>
      <subfield code="b">ON_SHELF</subfield>
      <subfield code="c">TN 850 Z9 B58 2nd ed.: suppl. 1975</subfield>
      <subfield code="d">BOOK</subfield>
      <subfield code="f">1</subfield>
   </datafield>
   <datafield tag="926" ind1=" " ind2=" ">
      <subfield code="a">UABARD</subfield>
      <subfield code="b">ON_SHELF</subfield>
      <subfield code="c">TN 850 Z9 B58 5th ed.: 1980</subfield>
      <subfield code="d">BOOK</subfield>
      <subfield code="f">1</subfield>
   </datafield>
   <datafield tag="926" ind1=" " ind2=" ">
      <subfield code="a">UABARD</subfield>
      <subfield code="b">ON_SHELF</subfield>
      <subfield code="c">TN 850 Z9 B58 5th ed.: 1980</subfield>
      <subfield code="d">BOOK</subfield>
      <subfield code="f">2</subfield>
   </datafield>
   <datafield tag="926" ind1=" " ind2=" ">
      <subfield code="a">UABARD</subfield>
      <subfield code="b">ON_SHELF</subfield>
      <subfield code="c">TN 850 Z9 B58 5th ed.: suppl. 1981</subfield>
      <subfield code="d">BOOK</subfield>
      <subfield code="f">1</subfield>
   </datafield>
   <datafield tag="926" ind1=" " ind2=" ">
      <subfield code="a">UABARD</subfield>
      <subfield code="b">ON_SHELF</subfield>
      <subfield code="c">TN 850 Z9 B58 5th ed.: suppl. 1982</subfield>
      <subfield code="d">BOOK</subfield>
      <subfield code="f">1</subfield>
   </datafield>
   <datafield tag="926" ind1=" " ind2=" ">
      <subfield code="a">UASCITECH</subfield>
      <subfield code="b">POLAR</subfield>
      <subfield code="c">TN 850 Z9 B58 1st ed. 1974</subfield>
      <subfield code="d">BOOK</subfield>
      <subfield code="f">1</subfield>
   </datafield>
   <datafield tag="926" ind1=" " ind2=" ">
      <subfield code="a">UASCITECH</subfield>
      <subfield code="b">POLAR</subfield>
      <subfield code="c">TN 850 Z9 B58 2nd ed: suppl. 1975</subfield>
      <subfield code="d">BOOK</subfield>
      <subfield code="f">1</subfield>
   </datafield>
   <datafield tag="926" ind1=" " ind2=" ">
      <subfield code="a">UASCITECH</subfield>
      <subfield code="b">POLAR</subfield>
      <subfield code="c">TN 850 Z9 B58 3rd ed: suppl. 1976</subfield>
      <subfield code="d">BOOK</subfield>
      <subfield code="f">1</subfield>
   </datafield>
   <datafield tag="926" ind1=" " ind2=" ">
      <subfield code="a">UASCITECH</subfield>
      <subfield code="b">POLAR</subfield>
      <subfield code="c">TN 850 Z9 B58 4th ed. 1979</subfield>
      <subfield code="d">BOOK</subfield>
      <subfield code="f">1</subfield>
   </datafield>
   <datafield tag="926" ind1=" " ind2=" ">
      <subfield code="a">UASCITECH</subfield>
      <subfield code="b">POLAR</subfield>
      <subfield code="c">TN 850 Z9 B58 5th ed. 1980</subfield>
      <subfield code="d">BOOK</subfield>
      <subfield code="f">1</subfield>
   </datafield>
   <datafield tag="926" ind1=" " ind2=" ">
      <subfield code="a">UASCITECH</subfield>
      <subfield code="b">POLAR</subfield>
      <subfield code="c">TN 850 Z9 B58 5th ed. 1980</subfield>
      <subfield code="d">BOOK</subfield>
      <subfield code="f">2</subfield>
   </datafield>
   <datafield tag="926" ind1=" " ind2=" ">
      <subfield code="a">UASCITECH</subfield>
      <subfield code="b">POLAR</subfield>
      <subfield code="c">TN 850 Z9 B58 5th ed.: suppl. 1982</subfield>
      <subfield code="d">BOOK</subfield>
      <subfield code="f">1</subfield>
   </datafield>
   <datafield tag="926" ind1=" " ind2=" ">
      <subfield code="a">UASCITECH</subfield>
      <subfield code="b">POLAR</subfield>
      <subfield code="c">TN 850 Z9 B58 5th ed.: suppl. 1982</subfield>
      <subfield code="d">BOOK</subfield>
      <subfield code="f">2</subfield>
   </datafield>
   <datafield tag="927" ind1=" " ind2=" ">
      <subfield code="a">AGL_GWL</subfield>
   </datafield>
   <datafield tag="927" ind1=" " ind2=" ">
      <subfield code="b">Location</subfield>
      <subfield code="c">ARCHIVES-- TN 858 B1 M938</subfield>
   </datafield>
   <datafield tag="927" ind1=" " ind2=" ">
      <subfield code="b">Library has</subfield>
      <subfield code="c">1974-1982</subfield>
   </datafield>
   <datafield tag="927" ind1=" " ind2=" ">
      <subfield code="a">UABARD</subfield>
   </datafield>
   <datafield tag="927" ind1=" " ind2=" ">
      <subfield code="b">Location</subfield>
      <subfield code="c">ON_SHELF-- TN 850 Z9 B58</subfield>
   </datafield>
   <datafield tag="927" ind1=" " ind2=" ">
      <subfield code="b">Library has</subfield>
      <subfield code="c">2nd ed.(1975),5th ed.(1980)</subfield>
   </datafield>
   <datafield tag="927" ind1=" " ind2=" ">
      <subfield code="a">UASCITECH</subfield>
   </datafield>
   <datafield tag="927" ind1=" " ind2=" ">
      <subfield code="b">Location</subfield>
      <subfield code="c">POLAR-- TN 850 Z9 B58</subfield>
   </datafield>
   <datafield tag="927" ind1=" " ind2=" ">
      <subfield code="b">Library has</subfield>
      <subfield code="c">1st ed.(1974)-5th ed.(1980) Incomplete: 2nd-3rd</subfield>
   </datafield>
</record>
